
@article{christofides,
  title = {Combinatorial Optimization},
  author = {Christofides, N and Mingozzi, A and Toth, P and Sandi, C},
  year = {1979}
}

@article{clark_wright_enhanced,
  title = {A New Enhancement of the Clarke and Wright Savings Heuristic for the Capacitated Vehicle Routing Problem},
  volume = {56},
  number = {8},
  journal = {The Journal of the Operational Research Society},
  author = {Altinel, I K and Oncan T},
  year = {2005}
}


@article{clark_wright_ds,
  title = {Implementation Techniques For The Vehicle Routing Problem},
  author = {Nelson, M D and Nygard, K E and Griffin, J H and Shreve, W E},
  journal = {Comput. & Ops. Res.},
  volume = {12},
  number = {3},
  year = {1984}
}


@article{osman1993,
  title = {Metastrategy simulated annealing and tabu search algorithms for the vehicle routing problem.},
  author = {Osman, I H},
  journal = {Annals of Operations Research},
  volume = {41},
  year = {1993}
}

@mastersthesis{steepest_improvement,
  author       = {Áslaug Sóley Bjarnadóttir}, 
  title        = {Solving the Vehicle Routing Problem with Genetic Algorithms},
  school       = {Technical University of Denmark},
  year         = 2004,
}



@inproceedings{goodfellow_generative_2014,
  title = {Generative adversarial nets},
  url = {http://papers.nips.cc/paper/5423-generative-adversarial-nets},
  urldate = {2014-12-06},
  booktitle = {Advances in Neural Information Processing Systems},
  author = {Goodfellow, Ian and Pouget-Abadie, Jean and Mirza, Mehdi and Xu, Bing and Warde-Farley, David and Ozair, Sherjil and Courville, Aaron and Bengio, Yoshua},
  year = {2014},
  pages = {2672--2680},
  file = {generative-adversarial-nets.pdf:/home/shiva/.zotero/zotero/sbmof7uv.default/zotero/storage/SUA9R6FU/generative-adversarial-nets.pdf:application/pdf}
}


@inproceedings{meier_better_2011,
  title = {Better digit recognition with a committee of simple neural nets},
  url = {http://ieeexplore.ieee.org/xpls/abs_all.jsp?arnumber=6065510},
  urldate = {2014-12-06},
  booktitle = {Document Analysis and Recognition ({ICDAR}), 2011 International Conference on},
  publisher = {{IEEE}},
  author = {Meier, Ueli and Ciresan, Dan Claudiu and Gambardella, Luca Maria and Schmidhuber, Jürgen},
  year = {2011},
  pages = {1250--1254},
  file = {better_digit_recognition_commity_simple_NN.pdf:/home/shiva/.zotero/zotero/sbmof7uv.default/zotero/storage/8EHKZ2AW/better_digit_recognition_commity_simple_NN.pdf:application/pdf}
}