
@article{tsplib,
	title={TSPLIB-- A Traveling Salesman Problem Library},
	author={Reinelt, G.},
	journal={ORSA J. Comput.},
	volume={3},
	year={1991},
	pages={376-384}
	}

@article{euc_tsp_complete,
	title={The Euclidean TSP is NP-Complete},
	author={Papadimitriou, C H},
	journal={Theoretical Computer Science},
	volume = {4},
	year = {1977}
	}

@article{adleman,
	title={Molecular Computation of Solutions to Combinatorial Problems},
	author={Adleman, LM},
	journal={Science},
	year={1994},
	volume={266}
	}
	
@article{potvin_ann,
	title={The Traveling Salesman Problem: A Neural Network Perspective},
	author={Potvin, J-Y},
	journal={ORSA Journal on Computing},
	volume={5},
	issue={4},
	year={1993},
	pages={328-348}
	}
	
@article{en_original,
 author = {Durbin, R and Willshaw, D},
 title = {An analogue approach to the traveling salesman problem using an elastic net method},
 journal = {Nature},
 volume = {326},
 number = {16},
 month = april,
 year = {1987}
}

@article{en_theoretical_analysis,
 author = {Durbin, Richard and Szeliski, Richard and Yuille, Alan},
 title = {An Analysis of the Elastic Net Approach to the Traveling Salesman Problem},
 journal = {Neural Comput.},
 issue_date = {Fall 1989},
 volume = {1},
 number = {3},
 month = sep,
 year = {1989},
 issn = {0899-7667},
 pages = {348--358},
 numpages = {11},
 url = {http://dx.doi.org/10.1162/neco.1989.1.3.348},
 doi = {10.1162/neco.1989.1.3.348},
 acmid = {1351117},
 publisher = {MIT Press},
 address = {Cambridge, MA, USA},
} 